@book{sargent2017global,
  title={Global research and development expenditures: Fact sheet},
  author={Sargent, John F},
  year={2017},
  publisher={Congressional Research Service}
}


@article{neema2021research,
  title={Research funding—Why, when, and how?},
  author={Neema, Shekhar and Chandrashekar, Laxmisha},
  journal={Indian Dermatology Online Journal},
  volume={12},
  number={1},
  pages={134},
  year={2021},
  publisher={Wolters Kluwer--Medknow Publications}
}


@inproceedings{taylor2022simlda,
  title={SimLDA: A tool for topic model evaluation},
  author={Taylor, Rebecca MC and du Preez, Johan A},
  booktitle={Proceedings of the Future Technologies Conference (FTC) 2022, Volume 3},
  pages={534--554},
  year={2022},
  organization={Springer}
}


@article{auranen2010university,
  title={University research funding and publication performance—An international comparison},
  author={Auranen, Otto and Nieminen, Mika},
  journal={Research policy},
  volume={39},
  number={6},
  pages={822--834},
  year={2010},
  publisher={Elsevier}
}


@article{hooi2020research,
  title={Research funding and academic engagement: A Singapore case},
  author={Hooi, Rosalie and Wang, Jue},
  journal={Knowledge Management Research \& Practice},
  volume={18},
  number={2},
  pages={162--174},
  year={2020},
  publisher={Taylor \& Francis}
}


@article{banal2019evaluation,
  title={Evaluation in research funding agencies: Are structurally diverse teams biased against?},
  author={Banal-Esta{\~n}ol, Albert and Macho-Stadler, In{\'e}s and P{\'e}rez-Castrillo, David},
  journal={Research Policy},
  volume={48},
  number={7},
  pages={1823--1840},
  year={2019},
  publisher={Elsevier}
}



@article{zhou2018systematic,
  title={A systematic analysis of UK cancer research funding by gender of primary investigator},
  author={Zhou, Charlie D and Head, Michael G and Marshall, Dominic C and Gilbert, Barnabas J and El-Harasis, Majd A and Raine, Rosalind and O’Connor, Henrietta and Atun, Rifat and Maruthappu, Mahiben},
  journal={BMJ open},
  volume={8},
  number={4},
  pages={e018625},
  year={2018},
  publisher={British Medical Journal Publishing Group}
}


@article{bendiscioli2019troubles,
  title={The troubles with peer review for allocating research funding: Funders need to experiment with versions of peer review and decision-making},
  author={Bendiscioli, Sandra},
  journal={EMBO reports},
  volume={20},
  number={12},
  pages={e49472},
  year={2019}
}


@article{sami2023rethinking,
  title={Rethinking the research funding process: an Indian perspective},
  author={Sami, Neha},
  journal={International Journal of Urban and Regional Research},
  year={2023},
  publisher={Wiley Online Library}
}


@article{grosman2020eras,
  title={Eras: Improving the quality control in the annotation process for natural language processing tasks},
  author={Grosman, Jonatas S and Furtado, Pedro HT and Rodrigues, Ariane MB and Schardong, Guilherme G and Barbosa, Simone DJ and Lopes, H{\'e}lio CV},
  journal={Information Systems},
  volume={93},
  pages={101553},
  year={2020},
  publisher={Elsevier}
}

@article{mccallum2002mallet,
  title={Mallet: A machine learning for language toolkit. http},
  author={McCallum, Andrew Kachites},
  journal={mallet. cs. umass. edu},
  year={2002}
}


@article{jelodar2019latent,
  title={Latent Dirichlet allocation (LDA) and topic modeling: models, applications, a survey},
  author={Jelodar, Hamed and Wang, Yongli and Yuan, Chi and Feng, Xia and Jiang, Xiahui and Li, Yanchao and Zhao, Liang},
  journal={Multimedia Tools and Applications},
  volume={78},
  pages={15169--15211},
  year={2019},
  publisher={Springer}
}

@misc{Topic-Analysis:-The-Ultimate-Guide-https://monkeylearn.com/topic-analysis/,

   author = {MonkeyLearn},

   title = {Topic Analysis: The Ultimate Guide},

   howpublished = {\url{https://monkeylearn.com/topic-analysis/}}

}

