
@article{neema2021research,
  title={Research funding—Why, when, and how?},
  author={Neema, Shekhar and Chandrashekar, Laxmisha},
  journal={Indian Dermatology Online Journal},
  volume={12},
  number={1},
  pages={134},
  year={2021},
  publisher={Wolters Kluwer--Medknow Publications}
}

@article{schembri2018wasp,
  title={WASP (Write a Scientific Paper): Writing a research grant--1, Applying for funding},
  author={Schembri-Wismayer, Pierre and Cuschieri, Sarah and Grech, Victor},
  journal={Early Human Development},
  volume={127},
  pages={106--108},
  year={2018},
  publisher={Elsevier}
}

@book{sargent2017global,
  title={Global research and development expenditures: Fact sheet},
  author={Sargent, John F},
  year={2017},
  publisher={Congressional Research Service}
}

@article{chipidza2022topic,
  title={Topic analysis of traditional and social media news coverage of the early COVID-19 pandemic and implications for public health communication},
  author={Chipidza, Wallace and Akbaripourdibazar, Elmira and Gwanzura, Tendai and Gatto, Nicole M},
  journal={Disaster medicine and public health preparedness},
  volume={16},
  number={5},
  pages={1881--1888},
  year={2022},
  publisher={Cambridge University Press}
}

@article{blei2012probabilistic,
  title={Probabilistic topic models},
  author={Blei, David M},
  journal={Communications of the ACM},
  volume={55},
  number={4},
  pages={77--84},
  year={2012},
  publisher={ACM New York, NY, USA}
}

@article{gush2018effect,
  title={The effect of public funding on research output: the New Zealand Marsden Fund},
  author={Gush, Jason and Jaffe, Adam and Larsen, Victoria and Laws, Athene},
  journal={New Zealand Economic Papers},
  volume={52},
  number={2},
  pages={227--248},
  year={2018},
  publisher={Taylor \& Francis}
}


@book{rajaraman2011mining,
  title={Mining of massive datasets},
  author={Rajaraman, Anand and Ullman, Jeffrey David},
  year={2011},
  publisher={Cambridge University Press}
}


@article{kurt2020topic,
  title={Topic modeling—LDA mallet implementation in Python—Part 2},
  author={Kurt, Senol},
  journal={Medium},
  year={2020}
}

@inproceedings{arun2010finding,
  title={On finding the natural number of topics with latent dirichlet allocation: Some observations},
  author={Arun, Rajkumar and Suresh, Venkatasubramaniyan and Veni Madhavan, CE and Narasimha Murthy, MN},
  booktitle={Advances in Knowledge Discovery and Data Mining: 14th Pacific-Asia Conference, PAKDD 2010, Hyderabad, India, June 21-24, 2010. Proceedings. Part I 14},
  pages={391--402},
  year={2010},
  organization={Springer}
}


@incollection{egger2022topic,
  title={Topic Modelling: Modelling Hidden Semantic Structures in Textual Data},
  author={Egger, Roman},
  booktitle={Applied Data Science in Tourism: Interdisciplinary Approaches, Methodologies, and Applications},
  pages={375--403},
  year={2022},
  publisher={Springer}
}

@misc{mallet,
  title = {MALLET: A Machine Learning for Language Toolkit},
  author = {Andrew Kachites McCallum},
  year = {2002},
  note = {Available online at \url{http://mallet.cs.umass.edu}},
}

@article{saxton2018gentle,
  title={A gentle introduction to topic modeling using Python},
  author={Saxton, Micah D},
  journal={Theological Librarianship},
  volume={11},
  number={1},
  pages={18--27},
  year={2018}
}


@inproceedings{neishabouri2020reliability,
  title={Reliability of perplexity to find number of latent topics},
  author={Neishabouri, Asana and Desmarais, Michel C},
  booktitle={The Thirty-Third International Flairs Conference},
  year={2020}
}


@article{kapadia2022evaluate,
  author = {Shashank Kapadia},
  title = {Evaluate Topic Models: Latent Dirichlet Allocation (LDA) - A step-by-step guide to building interpretable topic models},
  journal = {Towards Data Science},
  year = {2022},
  url = {https://towardsdatascience.com/evaluate-topic-model-in-python-latent-dirichlet-allocation-lda-7d57484bb5d0}
}

@incollection{bunge1966technology,
  title={Technology as applied science},
  author={Bunge, Mario},
  booktitle={Contributions to a Philosophy of Technology: Studies in the Structure of Thinking in the Technological Sciences},
  pages={19--39},
  year={1966},
  publisher={Springer}
}


@article{potter2015crime,
  title={Crime And Criminal Justice: Applied Research From Routine Monitoring To Evidence-Based Practices},
  author={Potter, Roberto Hugh and Humiston, Gail S},
  year={2015}
}


@article{ledoux2002defining,
  title={Defining natural sciences},
  author={Ledoux, Stephen F},
  journal={Behaviorology Today},
  volume={5},
  number={1},
  pages={34--36},
  year={2002}
}



@article{meirmans2019science,
  title={Science policies: How should science funding be allocated? An evolutionary biologists’ perspective},
  author={Meirmans, Stephanie and Butlin, Roger K and Charmantier, Anne and Engelst{\"a}dter, Jan and Groot, Astrid T and King, Kayla C and Kokko, Hanna and Reid, Jane M and Neiman, Maurine},
  journal={Journal of evolutionary biology},
  volume={32},
  number={8},
  pages={754--768},
  year={2019},
  publisher={Wiley Online Library}
}

@article{shaw2022revisiting,
  title={Revisiting the basic/applied science distinction: The significance of urgent science for science funding policy},
  author={Shaw, Jamie},
  journal={Journal for general philosophy of science},
  volume={53},
  number={4},
  pages={477--499},
  year={2022},
  publisher={Springer}
}


@misc{How much does your country invest in R&D,

   author = {},

   title = {How much does your country invest in R\&D},

   howpublished = {\url{https://uis.unesco.org/apps/visualisations/research-and-development-spending/}}

}

@misc{RN16,
  author = {FFucation},
  year = {2023},
  url = {https://uis.unesco.org/apps/visualisations/research-and-development-spending/},
  title = {How much does your country invest in R\&D}
}

